<?xml version="1.0" encoding="UTF-8"?><collection xmlns="http://www.loc.gov/MARC21/slim"><record><leader>00334nam--2200121-i-4500</leader><controlfield tag="001">000027621</controlfield><controlfield tag="002">20161230</controlfield><controlfield tag="005">20161230201036</controlfield><controlfield tag="008">060222s1000------------r-----000-0-eng-d</controlfield><datafield ind1=" " ind2=" " tag="100"><subfield code="a">Krbek, Franz Von</subfield></datafield><datafield ind1=" " ind2=" " tag="245"><subfield code="a">Grundzuge der mechanik. lehren von newton, einstein, schrodinger</subfield></datafield><datafield ind1=" " ind2=" " tag="260"><subfield code="a">Leipzig, Akad.Verlag, 1954, 185p</subfield></datafield><datafield ind1=" " ind2=" " tag="852"><subfield code="a">10397</subfield></datafield></record></collection>